@techreport{deutschDEFLATECompressedData1996,
  type = {Request for {{Comments}}},
  title = {{{DEFLATE Compressed Data Format Specification}} Version 1.3},
  author = {Deutsch, L. Peter},
  year = {1996},
  month = may,
  number = {RFC 1951},
  institution = {{Internet Engineering Task Force}},
  doi = {10.17487/RFC1951},
  url = {https://datatracker.ietf.org/doc/rfc1951},
  urldate = {2023-05-11},
  abstract = {This specification defines a lossless compressed data format that compresses data using a combination of the LZ77 algorithm and Huffman coding, with efficiency comparable to the best currently available general-purpose compression methods. This memo provides information for the Internet community. This memo does not specify an Internet standard of any kind.},
  keywords = {/unread}
}
% == BibTeX quality report for deutschDEFLATECompressedData1996:
% ? unused Library catalog ("IETF")
% ? unused Number of pages ("17")

@misc{GNUGzip,
  title = {{{GNU Gzip}}},
  url = {https://www.gnu.org/software/gzip/manual/gzip.html#index-options-4},
  urldate = {2023-05-11},
  keywords = {/unread}
}
% == BibTeX quality report for GNUGzip:
% ? Title looks like it was stored in title-case in Zotero

@misc{MakeImageLayer,
  title = {Make Image (Layer) Downloads Faster by Using Pigz by Sargun {$\cdot$} {{Pull Request}} \#35697 {$\cdot$} Moby/Moby},
  url = {https://github.com/moby/moby/pull/35697},
  urldate = {2023-05-11},
  keywords = {/unread}
}

@misc{strandbergLorem2022,
  title = {Lorem},
  author = {Strandberg, Per Erik},
  year = {2022},
  month = dec,
  url = {https://github.com/per9000/lorem},
  urldate = {2023-05-11},
  abstract = {python lorem ipsum generator for the console},
  copyright = {GPL-3.0},
  keywords = {/unread}
}
% == BibTeX quality report for strandbergLorem2022:
% ? Title looks like it was stored in lower-case in Zotero
% ? unused Library catalog ("GitHub")
% ? unused originalDate ("2014-04-10T18:08:34Z")
% ? unused Programming language ("Python")

@misc{SupportParallelDecompression,
  title = {Support Parallel Decompression (Pigz) by Mxpv {$\cdot$} {{Pull Request}} \#2640 {$\cdot$} Containerd/Containerd},
  url = {https://github.com/containerd/containerd/pull/2640},
  urldate = {2023-05-11},
  keywords = {/unread}
}
